<?xml version="1.0" encoding="UTF-8"?>
<record xmlns="http://www.loc.gov/MARC21/slim" xmlns:xsi="http://www.w3.org/2001/XMLSchema-instance" xsi:schemaLocation="http://www.loc.gov/MARC21/slim http://www.loc.gov/standards/marcxml/schema/MARC21slim.xsd">
<leader>00000nam a22      a 4500</leader>
<controlfield tag="001">003426060</controlfield>
<controlfield tag="003">NNU</controlfield>
<controlfield tag="005">20110301093744.0</controlfield>
<controlfield tag="008">110301s1939    ua f     b    001 0 ara d</controlfield>
<datafield tag="035" ind1=" " ind2=" ">
<subfield code="a">(OCoLC)60505736</subfield>
</datafield>
<datafield tag="040" ind1=" " ind2=" ">
<subfield code="a">MEAUC</subfield>
<subfield code="c">MEAUC</subfield>
</datafield>
<datafield tag="041" ind1="0" ind2=" ">
<subfield code="a">araeng</subfield>
</datafield>
<datafield tag="100" ind1="1" ind2=" ">
<subfield code="6">880-01</subfield>
<subfield code="a">Simaykah, Murqus,</subfield>
<subfield code="d">1864-1944.</subfield>
</datafield>
<datafield tag="245" ind1="1" ind2="0">
<subfield code="6">880-02</subfield>
<subfield code="a">Fahāris al-makhṭūṭāt al-qibṭīyah wa-al-ʻArabīyah al-Mawjūdah bi-al-Matḥaf al-Qibṭī wa-al-Dār al-Baṭrīyarkīyah wa-aham kanāʼis al-Qāhirah wa-al-Iskandarīyah wa-adyirat al-Quṭr al-Miṣrī /</subfield>
<subfield code="c">taʼlīf Murqus Simaykah ; bi-musāʻadat Yassá ʻAbd al-Masīḥ =</subfield>
<subfield code="b">Catalogue of the Coptic and Arabic manuscripts in the Coptic Museum, the Patriarchate, the Principal Churches of Cairo / by Marcus Simaika ; assisted by Yassa ʻAbd al-Masih.</subfield>
</datafield>
<datafield tag="246" ind1="3" ind2="1">
<subfield code="a">Catalogue of the Coptic and Arabic manuscripts in the Coptic Museum, the Patriarchate, the Principal Churches of Cairo</subfield>
</datafield>
<datafield tag="260" ind1=" " ind2=" ">
<subfield code="a">Cairo :</subfield>
<subfield code="b">Government Press,</subfield>
<subfield code="c">1939-</subfield>
</datafield>
<datafield tag="300" ind1=" " ind2=" ">
<subfield code="a">v. :</subfield>
<subfield code="b">plates ;</subfield>
<subfield code="c">27 cm.</subfield>
</datafield>
<datafield tag="490" ind1="1" ind2=" ">
<subfield code="6">880-03</subfield>
<subfield code="a">Maṭbūʻāt al-Matḥaf al-Qibṭī</subfield>
</datafield>
<datafield tag="500" ind1=" " ind2=" ">
<subfield code="a">Includes indexes.</subfield>
</datafield>
<datafield tag="546" ind1=" " ind2=" ">
<subfield code="a">Arabic and English in Parallel columens.</subfield>
</datafield>
<datafield tag="650" ind1=" " ind2="0">
<subfield code="a">Manuscripts, Arabic</subfield>
<subfield code="z">Egypt</subfield>
<subfield code="v">Bibliography.</subfield>
</datafield>
<datafield tag="700" ind1="1" ind2=" ">
<subfield code="6">880-04</subfield>
<subfield code="a">ʻAbd al-Masīḥ, Yassá.</subfield>
</datafield>
<datafield tag="880" ind1="1" ind2=" ">
<subfield code="6">100-01/</subfield>
<subfield code="a">سميكه، مرقس،</subfield>
<subfield code="d">1944-1864.</subfield>
</datafield>
<datafield tag="880" ind1="1" ind2="0">
<subfield code="6">245-02/</subfield>
<subfield code="a">فهارس المخطوطات القبطية والعربية الموجودة بالمتحف القبطي والدار البطريركية وأهم كنائس القاهرة والاسكندرية وأديرة القطر المصري /</subfield>
<subfield code="c">تأليف مرقس سميكه ؛ بمساعدة يسى عبدالمسيح.</subfield>
</datafield>
<datafield tag="880" ind1="1" ind2=" ">
<subfield code="6">490-03/</subfield>
<subfield code="a">مطبوعات المتحف القبطي</subfield>
</datafield>
<datafield tag="880" ind1="1" ind2=" ">
<subfield code="6">700-04/</subfield>
<subfield code="a">عبدالمسيح، يسى.</subfield>
</datafield>
<datafield tag="830" ind1=" " ind2="0">
<subfield code="a">Publications of the Coptic Museum.</subfield>
</datafield>
<datafield tag="OWN" ind1=" " ind2=" ">
<subfield code="a">GENERAL</subfield>
</datafield>
<datafield tag="049" ind1=" " ind2=" ">
<subfield code="a">ZYUU</subfield>
</datafield>
<datafield tag="AVA" ind1=" " ind2=" ">
<subfield code="a">NYU50</subfield>
<subfield code="b">BOBST</subfield>
<subfield code="c">Main Collection</subfield>
<subfield code="d">Z6605.C7 S5 1939</subfield>
<subfield code="e">unavailable</subfield>
<subfield code="t">Unavailable</subfield>
<subfield code="f">2</subfield>
<subfield code="g">2</subfield>
<subfield code="h">Y</subfield>
<subfield code="i">1</subfield>
<subfield code="j">MAIN</subfield>
</datafield>
</record>
